@misc{carberp,
  author = {Microsoft},
  title = {Win32/Carberp},
  howpublished = "\url{https://www.microsoft.com/en-us/wdsi/threats/malware-encyclopedia-description?name=Win32/Carberp}",
  year = {2017},
  note = "[Online; accessed 19-Feb-2021]"
}

@misc{lzma,
  author = {Wikipedia},
  title = {Lempel–Ziv–Markov chain algorithm},
  howpublished = "\url{https://en.wikipedia.org/wiki/Lempel-Ziv-Markov_chain_algorithm}",
  year = {2017},
  note = "[Online; accessed 19-Feb-2021]"
}